@string{intjnme=    {{Int. J. Num. Meth. Eng.}}}		   
@string{jcp=    {{J. Comput. Phys.}}}		   
@string{bssa=    {{Bull. Seis. Soc. Am.}}}		   
@string{gjras=  {{Geophys. J. Roy. Astr. Soc.}}}		  
@string{gji=  {{Geophys. J. Int.}}}		  
@string{gp=     {{Geophys. Prosp.}}}			  
@string{grb=    {{Geophys. Res. Bull.}}}			  
@string{grl=    {{Geophys. Res. Lett.}}}			   
@string{geop=   {{Geophys.}}}				   
@string{jasa=   {{J. Acoust. Soc. Am.}}}			   
@string{jap=    {{J. Appl. Phys.}}}			   
@string{jgr=    {{J. Geophys. Res.}}}			   
@string{pag=    {{Pure Appl. Geophys.}}}		   
@string{siamjam={{SIAM J. Appl. Math.}}}			   
@string{cmame={{Comp. Meth. Appl. Mech. Eng.}}}			   

%%%%%%%%%%%%%%%%%%%%%%%%%%%
%  Ph.D. THESIS
%%%%%%%%%%%%%%%%%%%%%%%%%%%

@PhdThesis{Kom97,
      author={Dimitri Komatitsch},
      year=1997,
      school={Institut de Physique du Globe de Paris},
      address={Paris},
      title={M\'ethodes spectrales et \'el\'ements spectraux pour l'\'equation de l'\'elastodynamique 2{D} et 3{D} en milieu h\'et\'erog\`ene}
}


@phdthesis{Amp02,
   author    = {J.-P. Ampuero},
   title     = {Etude physique et num\'erique de la nucl\'eation des s\'eismes},
   year      = {2002},
   address   = {Paris},
   school    = {Universit\'e Paris 7, Denis Diderot}
}



%%%%%%%%%%%%%%%%%%%%%%%%%%%
%  ARTICLES
%%%%%%%%%%%%%%%%%%%%%%%%%%%

@Article{AmpBZ08,
  author = {J.-P. Ampuero and Y. Ben-Zion},
  title = {Cracks, pulses and macroscopic asymmetry of dynamic rupture on a
           bimaterial interface with velocity-weakening friction},
  journal = {Geophys. J. Int.},
  volume = {173},
   number    = {2},
  pages = {674--692, doi:10.1111/j.1365-246X.2008.03736.x},
  year = {2008}
}

@article{And99,
   author    = {D.J. Andrews},
   title     = {Test of two methods for faulting in finite difference calculations},
   journal   = bssa,
   pages     = {931-937},
   year      = {1999},
   volume    = {89}
}

@article{And05,
   Author = {D. J. Andrews},
   Title = {Rupture dynamics with energy loss outside the slip zone},
   Journal = jgr,
   Volume = {110},
   Number = {B1},
   pages = {B01307, doi:10.1029/2004JB003191},
   Year = {2005} 
}

@article{Boa12,
  title={From surface wave inversion to seismic site response prediction: Beyond the 1D approach},
  author={Boaga, J. and Renzi, S. and Vignoli, G. and Deiana, R. and Cassiani, G.},
  journal={Soil Dyn. Earthq. Engng.},
   Volume = {36},
   pages = {38–-51},
  year={2012}
}

@article{Boa13,
  title={Mode misidentification in {R}ayleigh waves: Ellipticity as a cause and a cure},
  author={Boaga, J. and Cassiani, G. and Strobbia, C. L. and Vignoli, G.},
  journal={Geophysics},
  volume={78},
  number={4},
  pages={EN17--EN28},
  year={2013}
}

@article{Boa14,
  title={The Influence of Subsoil Structure and Acquisition Parameters in MASW Mode Mis-identification},
  author={Boaga, Jacopo and Vignoli, Giulio and Deiana, Rita and Cassiani, Giorgio},
  journal={J. Env. Engng. Geophys.},
  volume={19},
  number={2},
  pages={87--99},
  year={2014}
}

@article{BehSni13,
  title={Virtual Real Source: Source signature estimation using seismic interferometry},
  author={J. Behura and R. Snieder },
  journal={Geophysics},
  volume={78},
  number={5},
  pages={Q57--Q68},
  year={2013}
}

@article{BZLya06,
   Author = {Y. Ben-Zion and V. Lyakhovsky},
   Title = {Analysis of aftershocks in a lithospheric model with seismogenic zone governed by damage rheology},
   Journal = gji,
   Volume = {165},
   Number = {1},
   Pages = {197-210},
   Year = {2006} 
}

@article{ClaEng77,
   Author = {R. Clayton and B. Engquist},
   Title = {Absorbing boundary conditions for acoustic and elastic wave equations},
   Journal = bssa,
   Volume = {67},
   Number = {6},
   Pages = {1529-1540},
   Year = {1977} 
}

@article{Dewetal06,
  title={{PS}-wave moveout inversion for tilted {TI} media: {A} physical-modeling study},
  author={Dewangan, P. and Tsvankin, I. and Batzle, M. and Van Wijk, K. and Haney, M.},
  journal={Geophys.},
  volume={71},
  number={4},
  pages={D135--D143, doi:~10.1190/1.2212274},
  year={2006}
}

@ARTICLE{KoBaTr00b,
  author = {D. Komatitsch and C. Barnes and J. Tromp},
  title = {Simulation of anisotropic wave propagation based upon a spectral
	element method},
  journal = geop,
  year = {2000},
  volume = {65},
  pages = {1251-1260, doi:10.1190/1.1444816},
  number = {4}
}

@ARTICLE{KoCoMo96,
      author={D. Komatitsch and F. Coutel and P. Mora},
	year=1996,
	title={Tensorial formulation of the wave equation
for modelling curved interfaces},
	journal=gji,
	volume=127,
	pages={156-168}
}

@ARTICLE{KomTro99,
	author 	= {D. Komatitsch and J. Tromp},
	title 	= {Introduction to the spectral-element method for 3-{D} seismic wave propagation.},
	journal	= gji,
	volume	= 139,
	pages = {806-822},
	year = 1999
}

@ARTICLE{KoVi98,
      author={D. Komatitsch and J. P. Vilotte},
      year=1998,
      title={The Spectral Element method: an efficient tool to simulate the seismic response of 2{D} and 3{D} geological structures},
      journal=bssa,
      pages = {368-392},
      volume = 88
}

@ARTICLE{KoVi99,
      author={D. Komatitsch and J. P. Vilotte and R. Vai and F. J. S\'anchez-Sesma},
      year=1999,
      title={The {S}pectral {E}lement method for elastic wave equations: application to 2{D} and 3{D} seismic problems},
      journal={Int. J. Num. Meth. Engng.},
      pages = {1139-1164},
      number = 9,
      volume = 45
}

@incollection{MadAmpAdd06,
   author    = {R. Madariaga and J.-P. Ampuero and M. Adda-Bedia},
   title     = {Seismic radiation from simple models of earthquakes},
   booktitle = {Earthquakes: Radiated Energy and the Physics of Earthquake Faulting},
   publisher = {Am. Geophys. Union},
   editor    = {A. McGarr and R. Abercrombie and H. Kanamori and G. di Toro},
   series    = {Geophysical Monograph},
   volume    = {170},
   pages     = {223--236},
   year      = {2006}
}

@article{Gabetal12,
  author = {A. A. Gabriel and J. P. Ampuero and L. A. Dalguer and P. M. Mai},
  title = {The transition of dynamic rupture styles in elastic media under velocity-weakening friction},
  journal   = {J. Geophys. Res.},
  volume = {117},
  pages = {B09311, doi:~10.1029/2012JB009468},
  year = {2012}
}

@article{Gabetal13,
  author = {A. A. Gabriel and J. P. Ampuero and L. A. Dalguer and P. M. Mai},
  title = {Source Properties of Dynamic Rupture Pulses with Off-Fault Plasticity},
  journal   = {J. Geophys. Res.},
  volume = {118},
  pages = {4117–4126, doi:~10.1002/jgrb.50213},
  year = {2013}
}

@article{Hanetal07,
   author    = {M. Haney and R. Snieder and J.-P. Ampuero and R. Hofmann},
   title     = {Spectral element modelling of fault-plane reflections arising from fluid pressure distributions},
   journal   = {Geophys. J. Int.},
  volume = {170},
   number    = {2},
  pages = {933--951},
  year = {2007}
}

@article{Haretal11,
  author = {R. A. Harris and et al},
  year =  2011,
  title = {Verifying a computational method for predicting extreme ground motion},
  journal = {Seis. Res. Let.},
  volume =  82,
  number =  5, 
  pages = {638--644, doi:~10.1785/gssrl.82.5.638}
}

@article{HuaAmp11,
  author = {Y. Huang and J.-P. Ampuero},
  title = {Pulse-like ruptures induced by low-velocity fault zones},
  journal   = {J. Geophys. Res.},
  volume = {116},
  pages = {B12307, doi:~10.1029/2011JB008684},
  year = {2011}
}

@article{HuaAmp13,
  author = {Y. Huang and L. Meng and J.-P. Ampuero},
  title = {A dynamic model of the frequency-dependent rupture process of the 2011 {T}ohoku-{O}ki earthquake},
  journal   = {EPS},
  volume = {64},
  number = {12},
  pages = {1061-1066, doi:~10.5047/eps.2012.05.011},
  year = {2012}
}

@article{Huaetal14a,
  author = {Y. Huang and J.-P. Ampuero and H. Kanamori},
  title = {Slip-weakening models of the 2011 Tohoku-Oki earthquake and constraints on stress drop and fracture energy},
  journal   = {pag},
  volume = {171},
  number = {10},
  pages = {2555-2568, doi:~10.1007/s00024-013-0718-2},
  year = {2014}
}

@article{Huaetal14b,
  author = {Y. Huang and J.-P. Ampuero and D. V. Helmberger},
  title = {Earthquake ruptures modulated by waves in damaged fault zones},
  journal   = {J. Geophys. Res.},
  volume = {119},
  number = {4},
  pages = {3133–3154, doi:~10.1002/2013JB010724},
  year = {2014}
}

@article{Huaetal15,
  author = {Y. Huang and J.-P. Ampuero and D. V. Helmberger},
  title = {The potential for supershear earthquakes in damaged fault zones - {T}heory and observations},
  journal   = {Eath Planet. Sci. Lett.},
  volume = {xxx},
  number = {xxx},
  pages = {xxx},
  year = {2015}
}

@article{KanLapAmp08,
   author    = {Y. Kaneko and N. Lapusta and J.-P. Ampuero},
   title     = {Spectral element modeling of earthquake rupture on rate-and-state faults: 
Effects of velocity-strengthening friction at shallow depths},
   journal   = {J. Geophys. Res.},
  volume = {113},
  number = {B9},
  pages = {B09317, doi:~10.1029/2007JB005553},
  year = {2008}
}

@article{Lyaetal09,
   author    = {V. Lyakhovsky and Y. Hamiel and J.-P. Ampuero and Y. Ben-Zion},
   title     = {Non-linear damage rheology and wave resonance in rocks},
   journal   = {Geophys. J. Int.},
   year      = {2009},
   volume    = {178},
   number    = {2},
   pages     = {910--920, doi:~10.1111/j.1365-246X.2009.04205.x}
}

@unpublished{MenAmp12,
  author = {L. Meng and J.-P. Ampuero},
  title = {Slow rupture and weakly pressure-sensitive strength enables compressional branching: Dynamic rupture simulations of the 2012 Off-{S}umatra earthquake},
  year = 2012
}

@book{Mocetal04,
        author = {P. Moczo and J. Kristek and L. Halada},
        title = {The Finite-Difference Method for Seismologists. {A}n Introduction},
        publisher = {Comenius Univ.},
        address = {Bratislava},
        year = {2004}
}

@article{ObrBea11,
  title={An irregular lattice method for elastic wave propagation},
  author={O'Brien, G.S. and Bean, C.J.},
  journal={Geophys. J. Int.},
  volume = {187},
  number = {3},
  pages = {1699--1707, doi:~10.1111/j.1365-246X.2011.05229.x},
  year={2011},
}

@ARTICLE{Pat84,
      author={A.T. Patera},
      year=1984,
      title={A spectral element method for fluid dynamics: laminar flow in a channel expansion},
      journal={J. Comp. Phys.},
      pages = {468-488},
      volume = 54
}
      
@inproceedings{Patetal12,
  title={Seismic studies of the source physics experiment conducted at the {N}evada {N}ational {S}ecurity site using close-in ($<$ 2 km) waveforms},
  author={Patton, H. J. and Larmat, C. and Rougier, E. and Rowe, C. and Yang, X.},
  booktitle={Proc. of the 2012 Monitoring Research Review: Ground Based Nuclear Explosion Monitoring Technologies},
  pages={469--478},
  year={2012}
}

@article{Pueetal07,
      author ={J. {De la Puente} and M. K\"aser and M. Dumbser and H. Igel},
      year ={2007},
      title={An Arbitrary High Order Discontinuous {G}alerkin Method for Elastic Waves on Unstructured Meshes {IV}:
Anisotropy}, 
      journal   = {Geophys. J. Int.},
      volume = {169},
      number = {3}, 
      pages = {1210--1228, doi:10.1111/j.1365-246X.2007.03381.x}
}

@article{Pueetal09,
  author ={J. {De la Puente} and J. P. Ampuero and M. K\"aser},
  title={Dynamic rupture modeling on unstructured meshes using a discontinuous {G}alerkin method},
  journal = {J. Geophys. Res.},
  volume = {114},
  pages = {B10302, doi:~10.1029/2008JB006271},
  year = {2009}
}

@article{RobWhiChr09,
  title={Imaging igneous rocks on the {N}orth {A}tlantic rifted continental margin},
  author={A. W. Roberts and R. S. White and P. A. F. Christie},
  journal={Geophys. J. Int.},
  volume={179},
  number={2},
  pages={1024--1038, doi:~10.1111/j.1365-246X.2009.04306.x},
  year={2009}
}

@Article{RubAmp07,
  author = {A. M. Rubin and J. P. Ampuero},
  title = {Aftershock asymmetry on a bimaterial interface},
  journal = {J. Geophys. Res.},
  volume = {112},
  pages = {B05307, doi:~10.1029/2006JB004337},
  year = {2007}
}

@Article{SmiSni10,
  author = {S. Smith and R. Snieder},
  title= {Seismic modeling and analysis of a prototype heated nuclear waste storage tunnel, {Y}ucca {M}ountain, {N}evada},
  journal = geop,
  volume = 75,
  number = 1,
  year = 2010,
  pages = {T1-T8, doi:10.1190/1.3273868}
}

@Article{Sta88,
  author = {R. Stacey},
  title = {Improved transparent boundary formulations for the elastic-wave equation},
  journal = {Bull. Seism. Soc. Am.},
  volume = {78},
  number = {6},
  pages = {2089--2097},
  year = {1988}
}


@ARTICLE{VaCaSaKoVi99,
      author={R. Vai and J. M. Castillo-Covarrubias and F. J. S\'anchez-Sesma and D. Komatitsch and J. P. Vilotte},
      year=1998,
      title={Elastic wave propagation in an irregularly layered medium},
      journal={Soil Dyn. Earthquake Eng.},
      pages = {11-18},
      number = 1,
      volume = 18 
}

@ARTICLE{VigCas10,
  author = {G. Vignoli and G. Cassiani},
  year =  2010, 
  title={Identification of lateral discontinuities via multi-offset phase analysis of surface wave data}, 
  journal = {Geoph. Prosp.}, 
  pages = {389--413, doi:~10.1111/j.1365-2478.2009.00838.x},
  volume = 58, 
  number = 3
}

@ARTICLE{Vigetal11,
  author = {G. Vignoli and C. Strobbia and G. Cassiani and P. Vermeer},
  year =  2011, 
  title={Statistical multioffset phase analysis for surface-wave processing in laterally varying media},
  journal = geop,
  pages = {U1--U11, doi:~10.1190/1.3542076 },
  volume = 76, 
  number = 2
}

@article{Vig12,
  title={Geophysical characterization of a small pre-{A}lpine catchment},
  author={Vignoli, G. and Cassiani, G. and Rossi, M. and Deiana, R. and Boaga, J. and Fabbri, P.},
  journal={J. App. Geophys.},
  volume={80},
  pages={32--42},
  year={2012}
}

@ARTICLE{XuBZAmp12a,
  author = {S. Xu and Y. Ben-Zion and J. P. Ampuero},
  title = {Properties of Inelastic Yielding Zones Generated by In-plane Dynamic Ruptures: {I. M}odel description and basic results},
  journal = {Geophys. J. Int.},
  volume = {191},
  number = 3, 
  pages = {1325--1342, doi:~10.1111/j.1365-246X.2012.05679.x },
  year = 2012
}

@ARTICLE{XuBZAmp12b,
  author = {S. Xu and Y. Ben-Zion and J. P. Ampuero},
  title = {Properties of Inelastic Yielding Zones Generated by In-plane Dynamic Ruptures: {II. D}etailed parameter-space study},
  journal = {Geophys. J. Int.},
  volume = {191},
  number = 3, 
  pages = {1343--1360, doi:~10.1111/j.1365-246X.2012.05685.x },
  year = 2012
}

@article{XuBZ13,
  title={Numerical and theoretical analyses of in-plane dynamic rupture on a frictional interface and off-fault yielding patterns at different scales},
  author={Xu, S. and Ben-Zion, Y.},
  journal=gji,
  volume = {193},
  number = 1, 
  pages={304--320. doi:~10.1093/gji/ggs105},
  year={2013}
}

@ARTICLE{Xuetal14,
  author = {S. Xu and Y. Ben-Zion and J. P. Ampuero and V. Lyakhovsky},
  title = {Dynamic ruptures on a frictional interface with off-fault brittle damage: Feedback mechanisms and effects on slip and near-fault motion},
  journal = pag,
  volume= 172,
  number= 5,
  pages = {1243--1267, doi:~10.1007/s00024-014-0923-7},
  year = 2014
}

@ARTICLE{Xuetal15,
  author = {S. Xu and E. Fukuyama and Y. Ben-Zion and J. P. Ampuero},
  title = {Dynamic rupture activation of backthrust fault branching },
  journal = {Tectonophysics},
  volume= {644–645},
  pages = {161–183, doi:~10.1016/j.tecto.2015.01.011},
  year = 2014
}

%%%%%%%%%%%%%%%%%%%%%%%
% Damage
@article{Hametal04,
   Author = {Hamiel, Y. and Liu, Y. F. and Lyakhovsky, V. and Ben-Zion, Y. and Lockner, D.},
   Title = {A viscoelastic damage model with applications to stable and unstable fracturing},
   Journal = {Geophys. J. Int.},
   Volume = {159},
   Number = {3},
   Pages = {1155-1165},
   Year = {2004} 
}

@article{Lyaetal97a,
   Author = {Lyakhovsky, V. and Ben-Zion, Y. and Agnon, A.},
   Title = {Distributed damage, faulting, and friction},
   Journal = {J. Geophys. Res.},
   Volume = {102},
   Number = {B12},
   Pages = {27635-27649},
   Year = {1997} 
}


%%%%%%%%%%%%%%%%%%%%%%%
%  FIN
%%%%%%%%%%%%%%%%%%%%%%
